@ARTICLE{MURU08,
AUTHOR={Murugesan, San},
TITLE={Harnessing Green IT: Principles and Practices},
JOURNAL={IT Professional},
PUBLISHEER={IEEE Computer Society},
VOLUME={10},
NUMBER={1},
PAGES={24-33},
YEAR={2008}
}

@CONFERENCE{YAMI99,
AUTHOR={Yamini, R.},
TITLE={Power management in cloud computing using green algorithm},
PAGES={128-133},
YEAR={2012},
ORGANIZATION={ICAESM},
PUBLISHER={IEEE}
}

@CONFERENCE{GUPT10,
AUTHOR={Gupta, S.},
TITLE={Computing with green responsibility},
PAGES={234-236},
YEAR={2010},
ORGANIZATION={ICWET}
}

@ARTICLE{AGRA13,
AUTHOR={Agrawal, Bhavik},
TITLE={Green Cloud Computing},
YEAR={2013},
PAGES={239-243},
JOURNAL={IJECET},
PUBLISHER={IAEME}
}

@CONFERENCE{WATI11,
AUTHOR={Wati, Y. and Chulmo Koo},
TITLE={An Introduction to the Green IT Balanced Scorecard as a Strategic IT Management System},
ORGANIZATION={HICSS},
PAGES={1-10},
YEAR={2011}
}

@CONFERENCE{HERR12,
AUTHOR={Herrmann, C. and Saraev, A. and Scheidt, Lutz-Günther},
TITLE={Green IT: A holistic approach for identifying sustainable performance},
ORGANIZATION={EGG},
PAGES={1-6},
YEAR={2012}
}

@ARTICLE{RUTH09,
AUTHOR={Ruth, S.},
TITLE={Green IT More Than a Three Percent Solution?},
JOURNAL={Internet Computing},
PUPLISHER={IEEE},
VOLUME={14},
NUMBER={4},
PAGES={74-78},
YEAR={2009}
}

@CONFERENCE{WATI10,
AUTHOR={Wati, Y., Chulmo Koo},
TITLE={The Green IT Practices of Nokia, Samsung, Sony, and Sony Ericsson: Content Analysis Approach},
ORGANIZATION={HICSS},
PAGES={1-10},
YEAR={2010}
}

@ARTICLE{UNHE11,
AUTHOR={Unhelkar, B},
TITLE={Green IT: The Next Five Years},
JOURNAL={IT Professional},
PUBLISHEER={IEEE Computer Society},
YEAR={2011},
PAGES={56-59},
NUMBER={2},
VOLUME={13}
}

@ARTICLE{HEDM11,
AUTHOR={Hedman, J. and Henningsson, S.},
TITLE={Three Strategies for Green IT},
JOURNAL={IT Professional},
PUBLISHER={IEEE Computer Society},
VOLUME={13},
NUMBER={1},
PAGES={54-57},
YEAR={2011}
}

@ARTICLE{STAN13,
AUTHOR={Stansberry, M},
TITLE={The Future of Green IT: Solving the Accountability Issue},
YEAR={2013},
VOLUME={46},
NUMBER={7},
PUBLISHER={IEEE Computer Society},
JOURNAL={Computer},
PAGES={91-93}
}


@TECHREPORT{STEIG,
AUTHOR={Steigerwald, Bob and Agrawa, Abhishek},
TITLE={Developing Green Software},
INSTITUTION={Intel Corporation},
NOTE={Software and Services Group}
}

@ARTICLE{MURUG10,
AUTHOR={Murugesan, San},
TITLE={Making IT Green},
JOURNAL={IT Professional},
VOLUME={12},
NUMBER={2},
PAGES={4-5},
YEAR={2010}
}

@ARTICLE{KURP08,
AUTHOR={Kurp, Patrick},
TITLE={Green Computing},
JOURNAL={Communications of the ACM},
PUBLISHER={ACM},
VOLUME={52},
NUMBER={10},
PAGES={12-13},
YEAR={2008}
}

@CONFERENCE{HEIN13,
AUTHOR={Ba, He and Heinzelman, Wendi and Janssen, Charles-Antoine and Shi, Jiye},
TITLE={Mobile computing - A green computing resource},
PAGES={4451-4456},
YEAR={2013},
ORGANIZATION={WCNC}
}

@CONFERENCE{WANG08,
TITLE={Meeting Green Computing Challenges},
AUTHOR={Wang, D.},
YEAR={2008},
PAGES={121-126},
ORGANIZATION={EPTC}
}

@CONFERENCE{QIAN10,
AUTHOR={Dan Lo, Chia-Tien and Qian, Kai},
TITLE={Green Computing Methodology for Next Generation Computing Scientists},
ORGANIZATION={COMPSAC},
PAGES={250-251},
YEAR={2010}
}

@CONFERENCE{YAMI12,
AUTHOR={Yamini, R.},
TITLE={Power management in cloud computing using green algorithm},
ORGANIZATION={ICAESM},
YEAR={2012},
PAGES={128-133}
}

@ARTICLE{SCOG10,
AUTHOR={Scogland, T.r.w. and Lin, H. and Feng, W.},
TITLE={A first look at integrated {GPU}s for green high-performance computing},
JOURNAL={Computer Science - Research and Development},
PUBLISHER={Springer},
YEAR={2010},
PAGES={125-134},
VOLUME={25},
NUMBER={3}
}

@CONFERENCE{SARO12,
AUTHOR={Sarood, Osman and Gupta, Abishek and Kale, Laxmikant V.},
TITLE={Cloud Friendly Load Balancing for HPC Applications: Preliminary Work},
YEAR={2012},
ORGANIZATION={ICPPW},
PAGES={200-205}
}

@ARTICLE{LUDW10,
AUTHOR={Ludwig, Thomas},
TITLE={Editorial for the First International Conference on Energy-Aware High Performance Computing},
YEAR={2010},
JOURNAL={Computer Science - Research and Development},
PUBLISHER={Springer},
PAGES={123-124},
VOLUME={25},
NUMBER={3}
}

@BOOK{PIER13,
AUTHOR={Pierson, Jean-Marc and Georges Da Costa and Dietmann, Lars},
YEAR={2013},
TITLE={Energy Efficiency in Large Scale Distributed Systems},
VOLUME={80462013}
}

@ARTICLE{MOLK11,
AUTHOR={Molker, Daniel and Hackenberg, Daniel and Schöne, Robert and Minart, Timo and Nagel, Wolfang Emil},
TITLE={Flexible Workload Generation for HPC Cluster Efficiency Benchmarking},
PUBLISHER={Springer},
YEAR={2011},
JOURNAL={Computer Science - Research and Development},
PAGES={235-243},
VOLUME={27},
NUMBER={4}
}

@CONFERENCE{KHAN11,
TITLE={Green computing and communicationsHPC Performance and Energy-Efficiency of Xen, KVM and VMware Hypervisors},
AUTHOR={Varette, Sébastien and Guzek, Mateusz and Plugaru, Valentin and Besseron, Xavier and Bouvry, Pascal},
YEAR={2013},
ORGANIZATION={SPAC-PAD},
PAGES={89-96}
}

@BOOK{GRUB10,
TITLE={HPC@Green IT - Green High Performance Computing Methods},
AUTHOR={Gruber, Ralf and Keller, Vinzent},
YEAR={2010},
PUBLISHER={Springer}
}

@CONFERENCE{HOBB09,
AUTHOR={Hobby, C. and Rydell, N. and Williams, Sjorgen W.},
TITLE={IT Products. Going Beyond Green - Can High Performance and Sustainability Co-exist?},
YEAR={2009},
ORGANIZATION={ISSST},
PAGES={1-4}
}

@BOOK{HUNO15,
TITLE={Parallel Proccessing Workshops},
AUTHOR={Hunold, Sasha et al},
YEAR={2015},
VOLUME={9523}
}

@ARTICLE{LEE13,
TITLE={Performance analysis based resource allocation for green cloud computing},
AUTHOR={Lee, Hwa Min and Jeong, Young-Sik and Jang, Jaeng Jin},
YEAR={2013},
JOURNAL={Super Computing},
PUBLISHER={Springer},
PAGES={1013-1026},
VOLUME={69},
NUMBER={3}
}

@ARTICLE{WILD13,
TITLE={The 4 Pillar Framework for energy efficient HPC data centers},
AUTHOR={Wilde, Torsten and Auweter, Axel and Shoukourian, Hayk},
PUBLISHER={Springer},
YEAR={2013},
JOURNAL={Computer Science - Research and Development},
PAGES={241-251},
VOLUME={29},
NUMBER={3}
}

@CONFERENCE{SUBR12,
TITLE={The Green Index: A Metric for Evaluating System-Wide Energy Efficiency in HPC Systems},
AUTHOR={Subramaniam, Balaji and Feng, Wu-chun},
YEAR={2012},
PAGES={1007-1013},
ORGANZITAION={IPDPSW}
}

@ARTICLE{FAKH12,
author="Fakhar, Faiza
and Javed, Barkha
and ur Rasool, Raihan
and Malik, Owais
and Zulfiqar, Khurram",
title="Software level green computing for large scale systems",
journal="Journal of Cloud Computing: Advances, Systems and Applications",
year="2012",
volume="1",
number="1",
pages="1-17"
}

@ARTICLE{BUHL08,
author="Buhl, Dr. Hans Ulrich
and Laartz, Dr. Jürgen",
title="Warum Green IT nicht ausreicht - oder: Wo müssen wir heute anpacken, damit es uns übermorgen immer noch gut geht?",
journal="WIRTSCHAFTSINFORMATIK",
year="2008",
volume="4",
number="1",
pages="261-265"
}

